@ONLINE{kow:umlclass,
author = {Michael Kowalczyk},
title = {UML Class Diagrams},
url = {http://cs.nmu.edu/~mkowalcz/cs120f08/uml/UMLdiagram.html},
urldate = {2013-09-05}
}

@ONLINE{semweb:owlapi,
author = {Semantic Web},
title = {OWL API},
month = may,
year = {2012},
url = {http://semanticweb.org/wiki/OWL_API},
urldate = {2013-09-05}
}

@ONLINE{krr:hermit,
author = {Information Systems Group - Knowledge Representation and Reasoning (University of Oxford)},
shortauthor = {KRR},
title = {Hermit OWL Reasoner},
url = {http://www.hermit-reasoner.com/},
urldate = {2013-09-05}
}

@ONLINE{oracle:jdbc,
author = {Oracle},
title = {The Java Database Connectivity (JDBC)},
month = mar,
year = {2013},
url = {http://www.oracle.com/technetwork/java/javase/jdbc/index.html},
urldate = {2013-09-05}
}

@ONLINE{petri:jpanel,
author = {Bj√∂rn Petri and Britta Petri},
title = {JPanel},
year = {2013},
url = {http://java-tutorial.org/jpanel.html},
urldate = {2013-12-05}
}

@ONLINE{empty,
author = {null},
title = {null},
month = sep,
year = {2013},
url = {nowhere},
urldate = {2013-09-05}
}